%1.강화학습 기반 화학 공정제어~~~
@article{Park2024rl,
  author    = {박준수},
  title     = {강화학습 기반 화학 공정 제어 성능 향상을 위한 보상 함수 시뮬레이션 연구},
  journal   = {제어 로봇 시스템학회 논문지},
  year      = {2024},
  doi       = {10.5302/J.ICROS.2022.22.0152}
}
%Reinforcement learning for process control ~~ 리뷰논문
@article{Park2025pc,
  author    = {Joonsoo Park and Hyein Jung and Jong Woo Kim and Jong Min Lee},
  title     = {Reinforcement Learning for Process Control: Review and Benchmark Problems},
  journal   = {International Journal of Control, Automation and Systems},
  volume    = {23},
  pages     = {1--40},
  year      = {2025},
  doi       = {10.1007/s12555-024-0990-1}
}
% Process Safety and Environmental Protection
@article{Yu2025ppo,
  title = {PPO-based resilient control framework for safer operation of exothermic CSTR},
  journal = {Process Safety and Environmental Protection},
  volume = {193},
  pages = {558-576},
  year = {2025},
  issn = {0957-5820},
  doi = {https://doi.org/10.1016/j.psep.2024.11.059},
  url = {https://www.sciencedirect.com/science/article/pii/S0957582024014721},
  author = {Minfeng Yu and Bo Li and Shuaiyu Zhao and Nitin Roy and Bin Zhang},
  keywords = {Continuous stirred tank reactor, Process safety, Proximal policy optimization, Reinforcement learning, Resilience engineering}
}
% PC Gym 논문
@article{bloor2024pcgym,
  title     = {PC-Gym: Benchmark Environments for Process Control Problems},
  author    = {Maximilian Bloor and José Torraca and Calvin Tsay},
  journal   = {arXiv preprint arXiv:2410.22093},
  year      = {2024},
  url       = {https://arxiv.org/abs/2410.22093}
}
% Van de Vusse 95년 최초 논문
@article{chen1995benchmark,
  author = {Chen, Hong and Kremling, H and Allgöwer, Frank},
  year = {1995},
  month = {01},
  pages = {3247-3252},
  title = {Nonlinear Predictive Control of a Benchmark CSTR},
  journal = {Proceedings of the 3rd European Control Conference, Rome-Italy.},
}